@misc{ref_fast,
  author = {Wikipedia},
  title = {{Features from accelerated segment test}},
  url = {https://en.wikipedia.org/wiki/Features_from_accelerated_segment_test},
  year = {2020},
  note = "Last edit: 16 October 2020"
}

@misc{ref_log,
  author = {R. Fisher, S. Perkins, A. Walker and E. Wolfart.},
  title = {{Laplacian/Laplacian of Gaussian}},
  url = {https://homepages.inf.ed.ac.uk/rbf/HIPR2/log.htm},
  year = {2003},
}

@misc{ref_dog,
  author = {Wikipedia},
  title = {{Difference of Gaussians}},
  url = {https://en.wikipedia.org/wiki/Difference_of_Gaussians},
  year = {2021},
  note = "Last edit: 5 July 2021"
}

@misc{ref_doh,
  author = {Wikipedia},
  title = {{The determinant of the Hessian}},
  url = {https://en.wikipedia.org/wiki/Blob_detection#The_determinant_of_the_Hessian},
  year = {2021},
  note = "Last edit: 20 April 2021"
}

@misc{ref_MSER,
  author = {The Media Integration and Communication Center},
  title = {{A34 MSER}},
  url = {http://www.micc.unifi.it/delbimbo/wp-content/uploads/2011/03/slide_corso/A34%20MSER.pdf},
  year = {2011},
}

@misc{ref_LK,
    author = {Ra√∫l Rojas},
    title = {{Lucas-Kanade in a Nutshell}},
    url = {http://www.inf.fu-berlin.de/inst/ag-ki/rojas_home/documents/tutorials/Lucas-Kanade2.pdf}
}

@misc{ref_opencv_LK,
    author = {Open Source Computer Vision},
    title = {{Object Tracking}},
    url = {https://docs.opencv.org/3.4/dc/d6b/group__video__track.html#ga473e4b886d0bcc6b65831eb88ed93323},
    year = {2021}
}

@misc{ref_pyr_LK,
    author = {Jean-Yves Bouguet},
    title = {{Pyramidal Implementation of the Lucas Kanade Feature Tracker Description of the algorithm}},
    url = {http://robots.stanford.edu/cs223b04/algo_tracking.pdf},
}

@article{opt_flow_multi_algos,
    author = {Barron, John and Fleet, David and Beauchemin, S.},
    year = {1994},
    month = {02},
    pages = {43-77},
    title = {Performance Of Optical Flow Techniques},
    volume = {12},
    journal = {International Journal of Computer Vision},
    doi = {10.1007/BF01420984}
}

@misc{py_optflow_github,
    author = {Scivision},
    title = {{Optical Flow: Horn-Schunck}},
    url = {https://github.com/scivision/pyoptflow},
    year = {2021}
}

@misc{cell_profiler_org,
    author = {Broad Institute},
    title = {{CellProfiler cell image analysis software}},
    url = {https://cellprofiler.org/},
    year = {2021}
}
